@book{prvin,
  title={{Redundancy Based Test-Suite Reduction}},
  author={Fraser G. and Wotawa F.},
  isbn={978-3-540-71288-6},
  url={https://doi.org/10.1007/978-3-540-71289-3_23},
  year={2007},
  pages = {230--265},
  volume = {4422},
  publisher={Springer},
  address = {Berlin, Heidelberg}
}

@inproceedings{prvinacin,
  title={Redundancy Based Test-Suite Reduction},
  author={Gordon Fraser and Franz Wotawa},
  booktitle={FASE},
  year={2007}
}

@inproceedings{druginacin,
  title={Test Case Redundancy Detection and Removal Using Code Coverage Analysis},
  author={Anurag Panday and Manish Gupta and Manoj K. Singh},
  year={2013}
}


@misc{gcc,
title = {{GNU gcc}},
note = {on-line at: \url{http://gcc.gnu.org/}},
    author = {Free Software Foundation},
    year = {2013}
}


}

@article{halting,
    author = {Gordon Fraser, Franz Wotawa.},
    citeulike-article-id = {155758},
    journal = {Proceedings of the London Mathematical Society},
    keywords = {computability, entscheidungsproblem, turing},
    number = {42},
    pages = {230--265},
    posted-at = {2005-04-08 18:11:59},
    priority = {0},
    title = {{On Computable Numbers, with an application to the Entscheidungsproblem}},
    volume = {2},
    year = {1936}
}
